
@article{zhang2012modern,
	title={Modern analytical techniques in metabolomics analysis},
	author={Zhang, Aihua and Sun, Hui and Wang, Ping and Han, Ying and Wang, Xijun},
	journal={Analyst},
	volume={137},
	number={2},
	pages={293--300},
	year={2012},
	publisher={Royal Society of Chemistry}
}

@article{fiehn2002metabolomics,
	title={Metabolomics--the link between genotypes and phenotypes},
	author={Fiehn, Oliver},
	journal={Plant molecular biology},
	volume={48},
	number={1-2},
	pages={155--171},
	year={2002},
	publisher={Springer}
}

@article{daviss2005growing,
	title={Growing pains for metabolomics: the newest'omic science is producing results--and more data than researchers know what to do with},
	author={Daviss, Bennett},
	journal={The Scientist},
	volume={19},
	number={8},
	pages={25--29},
	year={2005},
	publisher={Scientist Inc.}
}

@article{roessner2009metabolomics,
	title={What is metabolomics all about?},
	author={Roessner, Ute and Bowne, Jairus},
	journal={Biotechniques},
	volume={46},
	number={5},
	pages={363},
	year={2009}
}

@article{larsen2010rate,
	title={The rate of growth in scientific publication and the decline in coverage provided by Science Citation Index},
	author={Larsen, Peder Olesen and Von Ins, Markus},
	journal={Scientometrics},
	volume={84},
	number={3},
	pages={575--603},
	year={2010},
	publisher={Springer}
}

@article{costa2016r,
	title={An R package for the integrated analysis of metabolomics and spectral data},
	author={Costa, Christopher and Maraschin, Marcelo and Rocha, Miguel},
	journal={Computer methods and programs in biomedicine},
	volume={129},
	pages={117--124},
	year={2016},
	publisher={Elsevier}
}

@article{kansiz1999fourier,
	title={Fourier transform infrared microspectroscopy and chemometrics as a tool for the discrimination of cyanobacterial strains},
	author={Kansiz, Mustafa and Heraud, Philip and Wood, Bayden and Burden, Frank and Beardall, John and McNaughton, Don},
	journal={Phytochemistry},
	volume={52},
	number={3},
	pages={407--417},
	year={1999},
	publisher={Elsevier}
}


@book{Stuart2004,
	address = {Chister, UK},
	archivePrefix = {arXiv},
	arxivId = {arXiv:1011.1669v3},
	author = {Stuart, Barbara H},
	booktitle = {Methods},
	doi = {10.1002/0470011149},
	eprint = {arXiv:1011.1669v3},
	isbn = {9780470011140},
	issn = {1098-6596},
	pages = {224},
	pmid = {25246403},
	publisher = {Wiley Online Library},
	title = {{Infrared Spectroscopy: Fundamentals and Applications}},
	volume = {8},
	year = {2004}
}

@article{polshin2011beer,
	title={Beer quality screening by FT-IR spectrometry: Impact of measurement strategies, data pre-processings and variable selection algorithms},
	author={Polshin, Evgeny and Aernouts, Ben and Saeys, Wouter and Delvaux, Filip and Delvaux, Freddy R and Saison, Daan and Hertog, Maarten and Nicola{\"\i}, Bart M and Lammertyn, Jeroen},
	journal={Journal of food engineering},
	volume={106},
	number={3},
	pages={188--198},
	year={2011},
	publisher={Elsevier}
}

@article{lin2005rapid,
	title={Rapid discrimination of Alicyclobacillus strains in apple juice by Fourier transform infrared spectroscopy},
	author={Lin, Mengshi and Al-Holy, Murad and Chang, Su-Sen and Huang, Yiqun and Cavinato, Anna G and Kang, Dong-Hyun and Rasco, Barbara A},
	journal={International journal of food microbiology},
	volume={105},
	number={3},
	pages={369--376},
	year={2005},
	publisher={Elsevier}
}

@article{norazian2012hybrid,
	title={A hybrid sensing approach for pure and adulterated honey classification},
	author={Subari, Norazian and Mohamad Saleh, Junita and Ali, Yeon and Shakaff, Md and Zakaria, Ammar},
	journal = {Sensors (Basel, Switzerland)},
	volume = {12},
	number = {10},
	pages = {14022--40},
	year={2012},
	publisher={MDPI AG, Basel, Switzerland}
}

@article{santos2013rapid,
	title={Rapid detection and quantification of milk adulteration using infrared microspectroscopy and chemometrics analysis},
	author={Santos, PM and Pereira-Filho, ER and Rodriguez-Saona, LE},
	journal={Food chemistry},
	volume={138},
	number={1},
	pages={19--24},
	year={2013},
	publisher={Elsevier}
}

@article{cozzolino2006combining,
	title={Combining near infrared spectroscopy and multivariate analysis as a tool to differentiate different strains of Saccharomyces cerevisiae: a metabolomic study},
	author={Cozzolino, D and Flood, L and Bellon, J and Gishen, M and De Barros Lopes, M},
	journal={Yeast},
	volume={23},
	number={14-15},
	pages={1089--1096},
	year={2006},
	publisher={Wiley Online Library}
}

@article{khairudin2014direct,
	title={Direct discrimination of different plant populations and study on temperature effects by Fourier transform infrared spectroscopy},
	author={Khairudin, Khairunisa and Sukiran, Nur Afiqah and Goh, Hoe-Han and Baharum, Syarul Nataqain and Noor, Normah Mohd},
	journal={Metabolomics},
	volume={10},
	number={2},
	pages={203--211},
	year={2014},
	publisher={Springer}
}

@article{preisner2007fourier,
	title={Fourier transform infrared (FT-IR) spectroscopy in bacteriology: towards a reference method for bacteria discrimination},
	author={Preisner, Ornella and Lopes, Jo{\~a}o Almeida and Guiomar, Raquel and Machado, Jorge and Menezes, Jos{\'e} C},
	journal={Analytical and bioanalytical chemistry},
	volume={387},
	number={5},
	pages={1739--1748},
	year={2007},
	publisher={Springer}
}

@article{de2011barcoding,
	title={Barcoding without DNA? Species identification using near infrared spectroscopy},
	author={De Lima, Michell Gomes and Moura, Mauricio O and Ar{\'i}zaga, Gregorio G Carbajal},
	journal={Zootaxa},
	volume={2933},
	pages={46--54},
	year={2011}
}

@article{uarrota2014metabolomics,
	title={Metabolomics combined with chemometric tools (PCA, HCA, PLS-DA and SVM) for screening cassava (Manihot esculenta Crantz) roots during postharvest physiological deterioration},
	author={Uarrota, Virg{\'\i}lio Gavicho and Moresco, Rodolfo and Coelho, Bianca and da Costa Nunes, Eduardo and Peruch, Luiz Augusto Martins and de Oliveira Neubert, Enilto and Rocha, Miguel and Maraschin, Marcelo},
	journal={Food chemistry},
	volume={161},
	pages={67--78},
	year={2014},
	publisher={Elsevier}
}

@book{owen1996fundamentals,
	title={Fundamentals of modern UV-Visible spectroscopy: A Primer},
	author={Owen, Tony},
	year={1996},
	publisher={Hewlett-Packard},
	pages = {136},
	address = {Palo-Alto}
}

@article{soderberg2010organic,
	title={Organic Chemistry with a Biological Emphasis Volume I},
	author={Soderberg, Timothy},
	year={2010},
	volume={1}
}

@article{souto2010uv,
	title={UV--Vis spectrometric classification of coffees by SPA--LDA},
	author={Souto, Urijatan Teixeira Carvalho Polari and Pontes, M{\'a}rcio Jos{\'e} Coelho and Silva, Edvan Cirino and Galv{\~a}o, Roberto Kawakami Harrop and Ara{\'u}jo, M{\'a}rio C{\'e}sar Ugulino and Sanches, F{\'a}tima Aparecida Castriani and Cunha, Francisco Ant{\^o}nio Silva and Oliveira, Maria Socorro Ribeiro},
	journal={Food Chemistry},
	volume={119},
	number={1},
	pages={368--371},
	year={2010},
	publisher={Elsevier}
}

@article{thanasoulias2003multivariate,
	title={Multivariate chemometrics for the forensic discrimination of blue ball-point pen inks based on their Vis spectra},
	author={Thanasoulias, Nicholas C and Parisis, Nikolaos A and Evmiridis, Nicholaos P},
	journal={Forensic science international},
	volume={138},
	number={1},
	pages={75--84},
	year={2003},
	publisher={Elsevier}
}

@article{thanasoulias2002application,
	title={Application of multivariate chemometrics in forensic soil discrimination based on the UV-Vis spectrum of the acid fraction of humus},
	author={Thanasoulias, Nicholas C and Piliouris, Evaggelos T and Kotti, Melina-Spyridoula E and Evmiridis, Nicholas P},
	journal={Forensic science international},
	volume={130},
	number={2},
	pages={73--82},
	year={2002},
	publisher={Elsevier}
}

@article{pereira2011madeira,
	title={Madeira wine ageing prediction based on different analytical techniques: UV--vis, GC-MS, HPLC-DAD},
	author={Pereira, Ana C and Reis, Marco S and Saraiva, Pedro M and Marques, Jos{\'e} C},
	journal={Chemometrics and Intelligent Laboratory Systems},
	volume={105},
	number={1},
	pages={43--55},
	year={2011},
	publisher={Elsevier}
}

@article{kumar2013discrimination,
	title={Discrimination of Indian Tea Varieties using UV-VIS-NIR Spectrophotometer and Pattern Recognition Techniques},
	author={Kumar, Santosh and Panchariya, PC and Prasad, Bhanu and Sharma, AL},
	number = {2},
	pages = {15--19},
	volume = {2},
	year = {2013}	
}

@article{urbano2006ultraviolet,
	title={Ultraviolet--visible spectroscopy and pattern recognition methods for differentiation and classification of wines},
	author={Urbano, Manuel and De Castro, Maria D Luque and P{\'e}rez, Pedro M and Garc{\'\i}a-Olmo, Juan and Gomez-Nieto, Miguel A},
	journal={Food Chemistry},
	volume={97},
	number={1},
	pages={166--175},
	year={2006},
	publisher={Elsevier}
}

@article{barbosa2007uv,
	title={UV--vis absorption spectroscopy and multivariate analysis as a method to discriminate tequila},
	author={Barbosa-Garc{\'\i}a, O and Ramos-Ortiz, G and Maldonado, JL and Pichardo-Molina, JL and Meneses-Nava, MA and Landgrave, JEA and Cervantes-Mart{\'\i}nez, J},
	journal={Spectrochimica Acta Part A: Molecular and Biomolecular Spectroscopy},
	volume={66},
	number={1},
	pages={129--134},
	year={2007},
	publisher={Elsevier}
}

@book{smith2005modern,
	title={Modern Raman spectroscopy: a practical approach},
	author={Smith, Ewen and Dent, Geoffrey},
	year={2005},
	publisher={John Wiley \& Sons, Chister, UK},
	edition=1
}

@article{sikirzhytski2012advanced,
	title={Advanced statistical analysis of Raman spectroscopic data for the identification of body fluid traces: semen and blood mixtures},
	author={Sikirzhytski, Vitali and Sikirzhytskaya, Aliaksandra and Lednev, Igor K},
	journal={Forensic science international},
	volume={222},
	number={1},
	pages={259--265},
	year={2012},
	publisher={Elsevier}
}


@article{virkler2010raman,
	title={Raman spectroscopic signature of blood and its potential application to forensic body fluid identification},
	author={Virkler, Kelly and Lednev, Igor K},
	journal={Analytical and bioanalytical chemistry},
	volume={396},
	number={1},
	pages={525--534},
	year={2010},
	publisher={Springer}
}

@article{roggo2010identification,
	title={Identification of pharmaceutical tablets by Raman spectroscopy and chemometrics},
	author={Roggo, Yves and Degardin, Klara and Margot, Pierre},
	journal={Talanta},
	volume={81},
	number={3},
	pages={988--995},
	year={2010},
	publisher={Elsevier}
}

@article{sacre2011detection,
	title={Detection of counterfeit Viagra{\textregistered} by Raman microspectroscopy imaging and multivariate analysis},
	author={Sacr{\'e}, Pierre-Yves and Deconinck, Eric and Saerens, Lien and De Beer, Thomas and Courselle, Patricia and Vancauwenberghe, Roy and Chiap, Patrice and Crommen, Jacques and De Beer, Jacques O},
	journal={Journal of pharmaceutical and biomedical analysis},
	volume={56},
	number={2},
	pages={454--461},
	year={2011},
	publisher={Elsevier}
}

@article{lee2013application,
	title={Application of Raman spectroscopy for qualitative and quantitative detection of fumonisins in ground maize samples},
	author={Lee, Kyung-Min and Herrman, Timothy J and Nansen, Cristian and Yun, Unil},
	journal={Journal of Regulatory Science},
	volume={1},
	number={1},
	pages={1--14},
	year={2013}
}

@article{sikirzhytski2010discriminant,
	title={Discriminant analysis of Raman spectra for body fluid identification for forensic purposes},
	author={Sikirzhytski, Vitali and Virkler, Kelly and Lednev, Igor K},
	journal={Sensors},
	volume={10},
	number={4},
	pages={2869--2884},
	year={2010},
	publisher={Molecular Diversity Preservation International}
}


@article{hu2015targeted,
	title={Targeted metabolomic analysis of head and neck cancer cells using high performance ion chromatography coupled with a Q Exactive HF mass spectrometer},
	author={Hu, Shen and Wang, Junhua and Ji, Eoon Hye and Christison, Terri and Lopez, Linda and Huang, Yingying},
	journal={Analytical chemistry},
	volume={87},
	number={12},
	pages={6371--6379},
	year={2015},
	publisher={ACS Publications}
}


@article{kind2007comprehensive,
	title={A comprehensive urinary metabolomic approach for identifying kidney cancer},
	author={Kind, Tobias and Tolstikov, Vladimir and Fiehn, Oliver and Weiss, Robert H},
	journal={Analytical biochemistry},
	volume={363},
	number={2},
	pages={185--195},
	year={2007},
	publisher={Elsevier}
}


@article{rosenblum2005characterizing,
	title={Characterizing the metabolic actions of natural stresses in the California red abalone, Haliotis rufescens using 1H NMR metabolomics},
	author={Rosenblum, ES and Viant, MR and Braid, BM and Moore, JD and Friedman, CS and Tjeerdema, RS},
	journal={Metabolomics},
	volume={1},
	number={2},
	pages={199--209},
	year={2005},
	publisher={Springer}
}


@article{liland2011multivariate,
	title={Multivariate methods in metabolomics--from pre-processing to dimension reduction and statistical analysis},
	author={Liland, Kristian Hovde},
	journal={TrAC Trends in Analytical Chemistry},
	volume={30},
	number={6},
	pages={827--841},
	year={2011},
	publisher={Elsevier}
}

@article{savitzky1964smoothing,
	title={Smoothing and differentiation of data by simplified least squares procedures.},
	author={Savitzky, Abraham and Golay, Marcel JE},
	journal={Analytical chemistry},
	volume={36},
	number={8},
	pages={1627--1639},
	year={1964},
	publisher={ACS Publications}
}

@article{kus1996derivative,
	title={Derivative UV--VIS spectrophotometry in analytical chemistry},
	author={Kus, Stanislaw and Marczenko, Zygmunt and Obarski, Norbert},
	journal={Chern Anal},
	volume={41},
	pages={899--927},
	year={1996}
}


@book{varmuza2009introduction,
	title={Introduction to multivariate statistical analysis in chemometrics},
	author={Varmuza, Kurt and Filzmoser, Peter},
	year={2009},
	publisher={CRC press, Boca Raton, Florida},
	edition=1
}


@article{kim2014analysis,
	title={Analysis of variance (ANOVA) comparing means of more than two groups},
	author={Kim, Hae-Young},
	journal={Restorative dentistry \& endodontics},
	volume={39},
	number={1},
	pages={74--77},
	year={2014}
}

@article{martinez2001pca,
	title={Pca versus lda},
	author={Mart{\'\i}nez, Aleix M and Kak, Avinash C},
	journal={IEEE transactions on pattern analysis and machine intelligence},
	volume={23},
	number={2},
	pages={228--233},
	year={2001},
	publisher={IEEE}
}


@book{friedman2009elements,
	author    = {Hastie, Trevor and Tibshirani, Robert and Friedman, Jerome}, 
	title     = {The Elements of Statistical Learning},
	publisher = {Springer-Verlag New York},
	year      = 2009,
	volume    = 1,
	edition   = 2,
	month     = 7
}


@article{kumar2014feature,
	title={Feature Selection: A literature Review},
	author={Kumar, Vipin and Minz, Sonajharia},
	journal={SmartCR},
	volume={4},
	number={3},
	pages={211--229},
	year={2014}
}


@article{grissa2016feature,
	title={Feature selection methods for early predictive biomarker discovery using untargeted metabolomic data},
	author={Grissa, Dhouha and P{\'e}t{\'e}ra, M{\'e}lanie and Brandolini, Marion and Napoli, Amedeo and Comte, Blandine and Pujos-Guillot, Estelle},
	journal={Frontiers in Molecular Biosciences},
	volume={3},
	year={2016},
	publisher={Frontiers Media SA}
}


@article{milburn2013application,
	title={Application of metabolomics to diagnosis of insulin resistance},
	author={Milburn, Michael V and Lawton, Kay A},
	journal={Annual review of medicine},
	volume={64},
	pages={291--305},
	year={2013},
	publisher={Annual Reviews}
}


@article{roussel2003fusion,
	title={Fusion of aroma, FT-IR and UV sensor data based on the Bayesian inference. Application to the discrimination of white grape varieties},
	author={Roussel, Sylvie and Bellon-Maurel, V{\'e}ronique and Roger, Jean-Michel and Grenier, Pierre},
	journal={Chemometrics and Intelligent Laboratory Systems},
	volume={65},
	number={2},
	pages={209--219},
	year={2003},
	publisher={Elsevier}
}


@book{fourati2015multisensor,
	title={Multisensor Data Fusion: From Algorithms and Architectural Design to Applications},
	author={Fourati, Hassen},
	year={2016},
	publisher={CRC Press, Taylor \& Francis Group LLC},
	address={Boca Raton, FL},
	volume={1}
}


@Manual{hyperspec,
	title = {hyperSpec: a package to handle hyperspectral data sets in R},
	author = {Claudia Beleites and Valter Sergo},
	year = {2016},
	note = {R package version 0.98-20161118},
	url = {http://hyperspec.r-forge.r-project.org},
}


@Manual{chemospec,
	title = {ChemoSpec: Exploratory Chemometrics for Spectroscopy},
	author = {Bryan A. Hanson},
	year = {2016},
	note = {R package version 4.3.34},
	web = {github.com/bryanhanson/ChemoSpec},
}


@Manual{rminer,
	title = {rminer: Data Mining Classification and Regression Methods},
	author = {Paulo Cortez},
	year = {2016},
	note = {R package version 1.4.2},
	url = {https://CRAN.R-project.org/package=rminer},
}


@book{macfarland2016introduction,
	title={Introduction to nonparametric statistics for the biological sciences using R},
	author={MacFarland, Thomas W and Yates, Jan M},
	year={2016},
	publisher={Springer International Publishing AG},
	address={Switzerland},
}

@book{darlington2016regression,
	title={Regression analysis and linear models: Concepts, applications, and implementation},
	author={Darlington, Richard B and Hayes, Andrew F},
	year={2016},
	publisher={Guilford Publications},
	address={New York}
}


@Manual{caret,
	title = {caret: Classification and Regression Training},
	author = {Kuhn, Max and Wing, Jed and Weston, Steve and Williams,  Andre and Keefer, Chris and Engelhardt,  Allan and Cooper,  Tony and Mayer,  Zachary and Kenkel,  Brenton and Benesty,  Michael and Lescarbeau,  Reynald and Ziem,  Andrew and Scrucca,  Luca and Tang,  Yuan and Candan,  Can and Hunt,  Tyler},
	year = {2016},
	note = {R package version 6.0-73},
	url = {https://CRAN.R-project.org/package=caret},
}


@inproceedings{provos1999future,
	title={A Future-Adaptable Password Scheme.},
	author={Provos, Niels and Mazieres, David},
	booktitle={USENIX Annual Technical Conference, FREENIX Track},
	pages={81--91},
	year={1999}
}

@article{tomazzoli2015discrimination,
	title={Discrimination of Brazilian propolis according to the seasoning using chemometrics and machine learning based on UV-Vis scanning data},
	author={Tomazzoli, Ma{\'\i}ra M and Pai Neto, Remi D and Moresco, Rodolfo and Westphal, Larissa and Zeggio, Am{\'e}lia RS and Specht, Leandro and Costa, Christopher and Rocha, Miguel and Maraschin, Marcelo},
	journal={Journal of Integrative Bioinformatics (JIB)},
	volume={12},
	number={4},
	pages={15--26},
	year={2015}
}


@article{la2013biofortified,
	title={Biofortified cassava increases $\beta$-carotene and vitamin A concentrations in the TAG-rich plasma layer of American women},
	author={La Frano, Michael R and Woodhouse, Leslie R and Burnett, Dustin J and Burri, Betty J},
	journal={British Journal of Nutrition},
	volume={110},
	number={2},
	pages={310--320},
	year={2013},
	publisher={Cambridge University Press}
}

@article{sanchez2014prediction,
	title={Prediction of carotenoids, cyanide and dry matter contents in fresh cassava root using NIRS and Hunter color techniques},
	author={S{\'a}nchez, Teresa and Ceballos, Hern{\'a}n and Dufour, Dominique and Ortiz, D and Morante, Nelson and Calle, Fernando and Zum Felde, T and Dominguez, Morgane and Davrieux, Fabrice},
	journal={Food chemistry},
	volume={151},
	pages={444--451},
	year={2014},
	publisher={Elsevier}
}

@article{stahl2003antioxidant,
	title={Antioxidant activity of carotenoids},
	author={Stahl, Wilhelm and Sies, Helmut},
	journal={Molecular aspects of medicine},
	volume={24},
	number={6},
	pages={345--351},
	year={2003},
	publisher={Elsevier}
}

@article{sanchez2006reduction,
	title={Reduction or delay of post-harvest physiological deterioration in cassava roots with higher carotenoid content},
	author={S{\'a}nchez, Teresa and Ch{\'a}vez, Alba Luc{\'\i}a and Ceballos, Hern{\'a}n and Rodriguez-Amaya, Delia B and Nestel, Penelope and Ishitani, Manabu},
	journal={Journal of the Science of Food and Agriculture},
	volume={86},
	number={4},
	pages={634--639},
	year={2006},
	publisher={Wiley Online Library}
}

@book{schanda2007colorimetry,
	title={Colorimetry: understanding the CIE system},
	author={Schanda, J{\'a}nos},
	year={2007},
	publisher={John Wiley \& Sons},
	pages={84-88}
}


@article{brockes1982evaluation,
	author={Brockes, A},
	institution = {Commission Internationale de L'Eclairage},
	journal={CIE J},
	title={The evaluation of whiteness},
	number = {2},	
	year = {1982}
}


@article{liu2014optimal,
	title={Optimal color design of psychological counseling room by design of experiments and response surface methodology},
	author={Liu, Wenjuan and Ji, Jianlin and Chen, Hua and Ye, Chenyu},
	journal={PloS one},
	volume={9},
	number={3},
	pages={e90646},
	year={2014},
	publisher={Public Library of Science}
}

@article{weatherall1992skin,
	title={Skin color measurements in terms of CIELAB color space values},
	author={Weatherall, Ian L and Coombs, Bernard D},
	journal={Journal of investigative dermatology},
	volume={99},
	number={4},
	pages={468--473},
	year={1992},
	publisher={Elsevier}
}


@inproceedings{botwey2014multi,
	title={Multi-model data fusion to improve an early warning system for hypo-/hyperglycemic events},
	author={Botwey, Ransford Henry and Daskalaki, Elena and Diem, Peter and Mougiakakou, Stavroula G},
	booktitle={Engineering in Medicine and Biology Society (EMBC), 2014 36th Annual International Conference of the IEEE},
	pages={4843--4846},
	year={2014},
	organization={IEEE}
}


@article{champagne2010carotenoid,
	title={Carotenoid profiling of tropical root crop chemotypes from Vanuatu, South Pacific},
	author={Champagne, Antoine and Bernillon, St{\'e}phane and Moing, Annick and Rolin, Dominique and Legendre, Laurent and Lebot, Vincent},
	journal={Journal of food composition and analysis},
	volume={23},
	number={8},
	pages={763--771},
	year={2010},
	publisher={Elsevier}
}

@article{chavez2005variation,
	title={Variation of quality traits in cassava roots evaluated in landraces and improved clones},
	author={Ch{\'a}vez, Alba Luc{\'\i}a and S{\'a}nchez, Teresa and Jaramillo, Gustavo and Bedoya, JMl and Echeverry, J and Bola{\~n}os, EA and Ceballos, Hern{\'a}n and Iglesias, Carlos Ariel},
	journal={Euphytica},
	volume={143},
	number={1},
	pages={125--133},
	year={2005},
	publisher={Springer}
}

@article{iglesias1997genetic,
	title={Genetic potential and stability of carotene content in cassava roots},
	author={Iglesias, Carlos and Mayer, Jorge and Chavez, Luc{\'\i}a and Calle, Fernando},
	journal={Euphytica},
	volume={94},
	number={3},
	pages={367--373},
	year={1997},
	publisher={Springer}
}

@mastersthesis{sara,
	author       = {Sara Cardoso}, 
	title        = {Development of web-based tools for metabolomics data analysis and mining},
	school       = {University Of Minho},
	year         = 2017,
	month        = 10
}























